@inproceedings{he2016deep,
  title={Deep residual learning for image recognition},
  author={He, Kaiming and Zhang, Xiangyu and Ren, Shaoqing and Sun, Jian},
  booktitle={Proceedings of the IEEE conference on computer vision and pattern recognition},
  pages={770--778},
  year={2016}
}

@inproceedings{Pointnet,
  title={Pointnet: Deep learning on point sets for 3d classification and segmentation},
  author={Qi, Charles R and Su, Hao and Mo, Kaichun and Guibas, Leonidas J},
  booktitle={Proceedings of the IEEE conference on computer vision and pattern recognition},
  pages={652--660},
  year={2017}
}

@article{OCTFormer,
  title={OCTFormer: An Efficient Hierarchical Transformer Network Specialized for Retinal Optical Coherence Tomography Image Recognition},
  author={Wang, Haoran and Guo, Xinyu and Song, Kaiwen and Sun, Mingyang and Shao, Yanbin and Xue, Songfeng and Zhang, Hongwei and Zhang, Tianyu},
  journal={IEEE Transactions on Instrumentation and Measurement},
  year={2023},
  publisher={IEEE}
}

@article{MSMS,
  title={MSMS: A coalescent simulation program including recombination, demographic structure, and selection at a single locus},
  author={Greg Ewing and Joachim Hermisson},
  journal={Bioinformatics},
  year={2010},
  volume={26},
  pages={2064-2065},
  doi={10.1093/bioinformatics/btq322}
}

@article{MaSIF,
  title={Deciphering interaction fingerprints from protein molecular surfaces using geometric deep learning},
  author={Gainza, P. and Sverrisson, F. and Monti, F. and Rodolà, E. and Boscaini, D. and Bronstein, M. M. and Correia, B. E.},
  journal={Nature Methods},
  volume={17},
  number={2},
  pages={184--192},
  year={2020},
  publisher={Nature Publishing Group},
  doi={10.1038/s41592-019-0666-6}
}

@article{hydropathy,
  title={A simple method for displaying the hydropathic character of a protein},
  author={Kyte, Jack and Doolittle, Russell F},
  journal={Journal of molecular biology},
  volume={157},
  number={1},
  pages={105--132},
  year={1982},
  publisher={Elsevier}
}

@article{PDB2PQR,
  title={PDB2PQR: expanding and upgrading automated preparation of biomolecular structures for molecular simulations},
  author={Dolinsky, T.J. and Czodrowski, P. and Li, H. and Nielsen, J.E. and Jensen, J.H. and Klebe, G. and Baker, N.A.},
  journal={Nucleic Acids Research},
  volume={35},
  number={Web Server issue},
  pages={W522-W525},
  year={2007},
  publisher={Oxford University Press},
  doi={10.1093/nar/gkm276}
}

@article{APBS,
  title={PDB2PQR: an automated pipeline for the setup of Poisson-Boltzmann electrostatics calculations},
  author={Dolinsky, T.J. and Nielsen, J.E. and McCammon, J.A. and Baker, N.A.},
  journal={Nucleic Acids Research},
  volume={32},
  number={Web Server issue},
  pages={W665-W667},
  year={2004},
  publisher={Oxford University Press},
  doi={10.1093/nar/gkh381}
}

@article{HMR,
  title={Learning Harmonic Molecular Representations on Riemannian Manifold},
  author={Wang, Yiqun and Shen, Yuning and Chen, Shi and Wang, Lihao and Ye, Fei and Zhou, Hao},
  journal={arXiv preprint arXiv:2303.15520},
  year={2023}
}

@article{schnet,
  title={Schnet--a deep learning architecture for molecules and materials},
  author={Sch{\"u}tt, Kristof T and Sauceda, Huziel E and Kindermans, P-J and Tkatchenko, Alexandre and M{\"u}ller, K-R},
  journal={The Journal of Chemical Physics},
  volume={148},
  number={24},
  year={2018},
  publisher={AIP Publishing}
}

@inproceedings{nmp,
  title={Neural message passing for quantum chemistry},
  author={Gilmer, Justin and Schoenholz, Samuel S and Riley, Patrick F and Vinyals, Oriol and Dahl, George E},
  booktitle={International conference on machine learning},
  pages={1263--1272},
  year={2017},
  organization={PMLR}
}

@article{Cormorant,
  title={Cormorant: Covariant molecular neural networks},
  author={Anderson, Brandon and Hy, Truong Son and Kondor, Risi},
  journal={Advances in neural information processing systems},
  volume={32},
  year={2019}
}

@article{Se-transformers,
  title={Se (3)-transformers: 3d roto-translation equivariant attention networks},
  author={Fuchs, Fabian and Worrall, Daniel and Fischer, Volker and Welling, Max},
  journal={Advances in neural information processing systems},
  volume={33},
  pages={1970--1981},
  year={2020}
}

@article{segnn,
  title={Geometric and physical quantities improve e (3) equivariant message passing},
  author={Brandstetter, Johannes and Hesselink, Rob and van der Pol, Elise and Bekkers, Erik J and Welling, Max},
  journal={arXiv preprint arXiv:2110.02905},
  year={2021}
}

@article{shape-dna,
  title={Laplace--Beltrami spectra as ‘Shape-DNA’of surfaces and solids},
  author={Reuter, Martin and Wolter, Franz-Erich and Peinecke, Niklas},
  journal={Computer-Aided Design},
  volume={38},
  number={4},
  pages={342--366},
  year={2006},
  publisher={Elsevier}
}

@misc{nerfpytorch,
  title={NeRF-pytorch},
  author={Yen-Chen, Lin},
  publisher = {GitHub},
  journal = {GitHub repository},
  howpublished={\url{https://github.com/yenchenlin/nerf-pytorch/}},
  year={2020}
}
